<?xml version="1.0" encoding="UTF-8" ?>
<record Numero="14826060" format="InterXMarc_Complet" type="Authority">
<leader>00444c1 au22000272  45  <Pos Code="0004">00444</Pos>
<Pos Code="05" Sens="notice modifiée">c</Pos>
<Pos Code="06" Sens="notice validée en catalogage courant">1</Pos>
<Pos Code="08" Sens="notice d&apos;autorité">a</Pos>
<Pos Code="09" Sens="titre uniforme musical (TUM)">u</Pos>
<Pos Code="10">2</Pos>
<Pos Code="11">2</Pos>
<Pos Code="1216">00027</Pos>
<Pos Code="17" Sens="autres cas">2</Pos>
<Pos Code="20">4</Pos>
<Pos Code="21">5</Pos>
</leader>
<controlfield tag="001">FRBNF148260603<Pos Code="0001">FR</Pos>
<Pos Code="0204">BNF</Pos>
<Pos Code="0512">14826060</Pos>
<Pos Code="13">3</Pos>
</controlfield>
<controlfield tag="008">020709020709yy    uu        1991                             1   <Pos Code="0001">02</Pos>
<Pos Code="0203">07</Pos>
<Pos Code="0405">09</Pos>
<Pos Code="0607">02</Pos>
<Pos Code="0809">07</Pos>
<Pos Code="1011">09</Pos>
<Pos Code="1213" Sens="ne s&apos;applique pas">yy</Pos>
<Pos Code="1820">uu </Pos>
<Pos Code="2831">1991</Pos>
<Pos Code="61" Sens="La vedette peut être liée à une notice bibliographique sauf pour l&apos;accès matière RAMEAU">1</Pos>
</controlfield>
<datafield tag="048" ind1=" " ind2=" ">
	<subfield code="a">ob01<Pos Code="0001" Sens="orchestre - orchestre de chambre">ob</Pos>
<Pos Code="02">0</Pos>
<Pos Code="03">1</Pos>
</subfield>
</datafield>
<datafield tag="100" ind1=" " ind2=" ">
	<subfield code="3">14810495</subfield>
	<subfield code="w"> 0  b     </subfield>
	<subfield code="a">Schoeller</subfield>
	<subfield code="m">Philippe</subfield>
	<subfield code="d">1957-....</subfield>
</datafield>
<datafield tag="144" ind1="1" ind2=" ">
	<subfield code="w">....b.....</subfield>
	<subfield code="a">Feuillages</subfield>
	<subfield code="b">Orchestre de chambre</subfield>
</datafield>
<datafield tag="600" ind1=" " ind2=" ">
	<subfield code="a">Pour orchestre de chambre et projection audio-numérique (facultatif)</subfield>
	<subfield code="a">Date de composition : 1991-1992</subfield>
</datafield>
<datafield tag="610" ind1=" " ind2=" ">
	<subfield code="a">Feuillages / P. Schoeller. - Ed. musicales européennes, 2002</subfield>
</datafield>
<datafield tag="917" ind1=" " ind2=" ">
	<subfield code="o">OPD</subfield>
	<subfield code="a">100530500</subfield>
	<subfield code="b">ATUM</subfield>
</datafield>
<Attr Nom="IDPerenne">ark:/12148/cb14826060t</Attr>
<Attr Nom="NumSource">OPD 100530500</Attr>
<Attr Nom="Source" Sens="BnF catalogue général (depuis 1999)">A</Attr>
<Attr Nom="NumAutoriteLiee">14810495</Attr>
<Attr Nom="DateCreation">09/07/ 2002</Attr>
<Attr Nom="ResponsableCreation">MIGV3</Attr>
<Attr Nom="StructCreation">1</Attr>
<Attr Nom="DateDerniereValidation">09/11/ 2010</Attr>
<Attr Nom="ResponsableDerniereValidation">MIGV4</Attr>
<Attr Nom="StructPremiereValidation">1</Attr>
<Attr Nom="DatePremiereValidation">09/07/ 2002</Attr>
<Attr Nom="ResponsablePremiereValidation">MIGV3</Attr>
<Attr Nom="StructDerniereValidation">1</Attr>
<Attr Nom="NumSource">OPP 14342795</Attr>
</record>
